@book{I2ISECompendium,
    title     = "I2ISE Compendium",
    publisher = "Aarhus Universitet",
    edition  = "Revision 2",
    year      = "2012"
}

@online{Qthread,
title = "Starting Threads with QThread",
url = "http://qt-project.org/doc/qt-4.8/threads-starting.html",
note = "http://qt-project.org/doc/qt-4.8/threads-starting.html [Sidst besøgt 26.05.2014]"
}

@online{redmine_driver,
title = "I3HAL, exercise7 - LDD SPI, Gruppe: julie",
url = "https://redmine.iha.dk/courses/projects/i3hal_f2014_julie/wiki/Exercise7_-_LDD_SPI",
note = "\newline https://redmine.iha.dk/courses/projects/i3hal\_f2014\_julie/wiki/Exercise7\_-\_LDD\_SPI [Kan tilgås gennem IHA VPN. Sidst besøgt 26.05.2014]"
}

@online{Rugetips,
title = "Rugetips til udrugning",
url = "http://www.xn--hnsehus-q1a.dk/opdraet/rugetips/",
note = "http://www.xn--hnsehus-q1a.dk/opdraet/rugetips/ [Sidst besøgt 26.05.2014]"
}

@misc{website:http://www.xn--hnsehus-q1a.dk/opdraet/rugetips/,
key = "Hønsehus.dk",
title = "Hønsehus.dk",
year = "2014",
type = "software library",
url = "http://www.xn--hnsehus-q1a.dk/opdraet/rugetips/"
}

@manual{ULN2001,
  organization =       "STMicroelectronics.",
  title	=		"ULN2001, ULN2002, ULN2003, ULN2004",
  year	= 		"2002"
  note          = "Rev. 8"
}

@manual{1N5819,
  organization =       "Fairchild Semiconductor Corporation.",
  title	=		"1N5817-1N5819",
  year	= 		"2001"
  note          = "Rev. C"
}

@manual{IRLZ34,
  organization =       "International.",
  title	=		"IRLZ34NS/L",
  year	= 		"1998"
}

@manual{Effektmodstand,
  organization =       "TE Connectivity.",
  title	=		"Aluminium Housed Power Resistors",
  year	= 		"2012"
}

@manual{Stepmotor,
  organization =       "Kiatronics.",
  title	=		"28BYJ-48 – 5V Stepper Motor"
}

@techreport{HIH61xx,
  author =       "Honeywell",
  title	=		"honeywell-sensing-humidicon-hih6100-series-product-sheet-009059-6-EN.pdf",
  institution =	"Honeywell",
  year	= 		"2013"
}

@techreport{HIH61xx_I2C,
  author =       "Honeywell",
  title	=		"I2C\_Comms\_HumidIcon\_TN\_009061-2-EN\_Final\_07Jun12.pdf",
  institution =	"Honeywell",
  year	= 		"2012"
}